@book{amable,
  author = {Pablo Serrano Yáñez-Mingot and José Alberto Hernández Gutiérrez},
  year = {2023},
  title = {Una introducción amable a
la Teoría de Colas},
}

