@book{amable,
  author = {Pablo Serrano Yáñez-Mingot and José Alberto Hernández Gutiérrez},
  year = {2023},
  title = {Una introducción amable a
la Teoría de Colas},
}


@misc{recurrent,
  author       = {Matthew Aldridge},
  title        = {{MATH1710 Probability and Statistics I}},
  year         = {2021},
  url = {https://mpaldridge.github.io/math2750/S21-queues.html#MM1}
}


